<record><leader>00000cas a2200000 a 4500</leader><controlfield tag="001">9287461</controlfield><controlfield tag="008">830307d18001800dcudr ne      0    0eng  </controlfield><datafield ind1=" " ind2=" " tag="010"><subfield code="a">sn 82016321 </subfield></datafield><datafield ind1=" " ind2=" " tag="040"><subfield code="a">DLC</subfield><subfield code="b">eng</subfield><subfield code="c">DLC</subfield><subfield code="d">NPX</subfield><subfield code="d">DLC</subfield><subfield code="d">YOX</subfield><subfield code="d">OCL</subfield><subfield code="d">DLC</subfield><subfield code="d">OCLCQ</subfield><subfield code="d">OCLCO</subfield><subfield code="d">OCLCF</subfield><subfield code="d">CUS</subfield></datafield><datafield ind1=" " ind2=" " tag="042"><subfield code="a">pcc</subfield></datafield><datafield ind1=" " ind2=" " tag="043"><subfield code="a">n-us-dc</subfield></datafield><datafield ind1="0" ind2="0" tag="050"><subfield code="a">Newspaper</subfield></datafield><datafield ind1=" " ind2="4" tag="050"><subfield code="a">AN</subfield></datafield><datafield ind1="0" ind2="4" tag="245"><subfield code="a">The Museum and Washington and George-town daily advertiser.</subfield></datafield><datafield ind1="3" ind2="0" tag="246"><subfield code="a">Museum and Washington and Georgetown daily advertiser</subfield></datafield><datafield ind1=" " ind2=" " tag="260"><subfield code="a">Georgetown [i.e. Washington, D.C.] :</subfield><subfield code="b">Green &amp; English,</subfield><subfield code="c">1800.</subfield></datafield><datafield ind1=" " ind2=" " tag="300"><subfield code="a">1 volume ;</subfield><subfield code="c">45 cm.</subfield></datafield><datafield ind1=" " ind2=" " tag="310"><subfield code="a">Daily</subfield></datafield><datafield ind1=" " ind2=" " tag="336"><subfield code="a">text</subfield><subfield code="b">txt</subfield><subfield code="2">rdacontent</subfield></datafield><datafield ind1=" " ind2=" " tag="337"><subfield code="a">unmediated</subfield><subfield code="b">n</subfield><subfield code="2">rdamedia</subfield></datafield><datafield ind1=" " ind2=" " tag="338"><subfield code="a">volume</subfield><subfield code="b">nc</subfield><subfield code="2">rdacarrier</subfield></datafield><datafield ind1="0" ind2=" " tag="362"><subfield code="a">Vol. 1, no. 1 (Nov. 18, 1800)-v. 1, no. 3 (Nov. 24, 1800).</subfield></datafield><datafield ind1="4" ind2=" " tag="510"><subfield code="a">Evans</subfield><subfield code="c">38021</subfield></datafield><datafield ind1="4" ind2=" " tag="510"><subfield code="a">Brigham, C.S. Amer. newspapers,</subfield><subfield code="c">p. 92</subfield></datafield><datafield ind1=" " ind2="0" tag="651"><subfield code="a">Washington (D.C.)</subfield><subfield code="v">Newspapers.</subfield></datafield><datafield ind1=" " ind2="7" tag="651"><subfield code="a">Washington (D.C.)</subfield><subfield code="2">fast</subfield><subfield code="0">(OCoLC)fst01204505</subfield></datafield><datafield ind1=" " ind2="7" tag="655"><subfield code="a">Newspapers.</subfield><subfield code="2">fast</subfield><subfield code="0">(OCoLC)fst01423814</subfield></datafield><datafield ind1="1" ind2=" " tag="700"><subfield code="a">Green, Charles D.</subfield></datafield><datafield ind1="1" ind2=" " tag="700"><subfield code="a">English, David.</subfield></datafield><datafield ind1=" " ind2=" " tag="752"><subfield code="a">United States</subfield><subfield code="b">District of Columbia</subfield><subfield code="d">Washington.</subfield></datafield><datafield ind1=" " ind2=" " tag="752"><subfield code="a">United States</subfield><subfield code="b">District of Columbia</subfield><subfield code="d">Georgetown.</subfield></datafield><datafield ind1="0" ind2="0" tag="780"><subfield code="t">Centinel of liberty, or, George-town and Washington advertiser</subfield><subfield code="w">(DLC)sn 82016295</subfield><subfield code="w">(OCoLC)9274448</subfield></datafield><datafield ind1="0" ind2="0" tag="785"><subfield code="t">Museum and Washington and George-town advertiser</subfield><subfield code="w">(DLC)sn 86053017</subfield><subfield code="w">(OCoLC)13016258</subfield></datafield><datafield ind1="1" ind2=" " tag="029"><subfield code="a">AU@</subfield><subfield code="b">000020225565</subfield></datafield></record>